@book{Dehghani2022DataMesh,
  author    = {Zhamak Dehghani},
  title     = {Data Mesh: Delivering Data-Driven Value at Scale},
  edition   = {1st},
  publisher = {O' Reilly Media},
  year      = {2022},
  isbn      = {978-1492092391},
  isbn10    = {1492092398}
}

@misc{Francesco2017,
author = {Francesco, Paolo and Malavolta, Ivano and Lago, Patricia},
year = {2017},
month = {04},
pages = {21-30},
title = {Research on Architecting Microservices: Trends, Focus, and Potential for Industrial Adoption},
doi = {10.1109/ICSA.2017.24}
}

@article{Auer2021,
author = {Auer, Florian and Lenarduzzi, Valentina and Felderer, Michael and Taibi, Davide},
year = {2021},
month = {04},
pages = {106600},
title = {From monolithic systems to Microservices: An assessment framework},
volume = {137},
journal = {Information and Software Technology},
doi = {10.1016/j.infsof.2021.106600}
}

@misc{datamesh_governance,
  author = {Dr. Simon Harrer and Jochen Christ},
  title = {datamesh-governance.com},
  url = {https://github.com/datamesh-governance/datamesh-governance.com/tree/main},
  note = {Accessed: 2025-04-09},
  year = {2025}
}

@misc{datamesh_architecture,
  author = {Jochen Christ and Larysa Visengeriyeva and Simon Harrer},
  title = {Data Mesh: Data Mesh From an Engineering Perspective},
  howpublished = {https://www.datamesh-architecture.com/},
  note = {Accessed: 2025-04-10},
  year = {2025}
}